@ARTICLE{Donnelly,
   author = {{Donnelly}, D. and {Rogers}, E.},
    title = "{Symplectic integrators: An introduction}",
  journal = {American Journal of Physics},
 keywords = {Education, Lagrangian and Hamiltonian mechanics, Numerical approximation and analysis, Matrix theory},
     year = 2005,
    month = oct,
   volume = 73,
    pages = {938-945},
      doi = {10.1119/1.2034523},
   adsurl = {http://adsabs.harvard.edu/abs/2005AmJPh..73..938D},
  adsnote = {Provided by the SAO/NASA Astrophysics Data System}
}
@misc{ wiki:1,
   author = "Wikipedia",
   title = "Merkur (planet) --- Wikipedia{,} The Free Encyclopedia",
   year = "2014",
   url = "http://de.wikipedia.org/w/index.php?title=Merkur\_(planet)\&oldid=134780263",
   note = "[Online; accessed 17. Oktober 2014]"
 }
@misc{ wiki:2,
   author = "Wikipedia",
   title = "Venus (planet) --- Wikipedia{,} The Free Encyclopedia",
   year = "2014",
   url = "http://de.wikipedia.org/w/index.php?title=Venus\_(planet)\&oldid=134940751",
   note = "[Online; accessed 17. Oktober 2014]"
 }
@misc{ wiki:4,
   author = "Wikipedia",
   title = "Mars (planet) --- Wikipedia{,} The Free Encyclopedia",
   year = "2014",
   url = "http://de.wikipedia.org/w/index.php?title=Mars\_(planet)\&oldid=134314216",
   note = "[Online; accessed 17. Oktober 2014]"
 }
@misc{ wiki:5,
   author = "Wikipedia",
   title = "Jupiter (planet) --- Wikipedia{,} The Free Encyclopedia",
   year = "2014",
   url = "http://de.wikipedia.org/w/index.php?title=Jupiter\_(planet)\&oldid=134500813",
   note = "[Online; accessed 17. Oktober 2014]"
 }
@misc{ wiki:6,
   author = "Wikipedia",
   title = "Saturn (planet) --- Wikipedia{,} The Free Encyclopedia",
   year = "2014",
   url = "http://de.wikipedia.org/w/index.php?title=Saturn\_(planet)\&oldid=133962055",
   note = "[Online; accessed 17. Oktober 2014]"
 }
 @misc{ wiki:7,
   author = "Wikipedia",
   title = "Uranus (planet) --- Wikipedia{,} The Free Encyclopedia",
   year = "2014",
   url = "http://de.wikipedia.org/w/index.php?title=Uranus\_(planet)\&oldid=134483796",
   note = "[Online; accessed 17. Oktober 2014]"
 }
@misc{ wiki:8,
   author = "Wikipedia",
   title = "Neptun (planet) --- Wikipedia{,} The Free Encyclopedia",
   year = "2014",
   url = "http://de.wikipedia.org/w/index.php?title=Neptun\_(planet)\&oldid=134502830",
   note = "[Online; accessed 17. Oktober 2014]"
 }
 @misc{ wiki:9,
   author = "Wikipedia",
   title = "Pluto --- Wikipedia{,} The Free Encyclopedia",
   year = "2014",
   url = "http://de.wikipedia.org/w/index.php?title=Pluto\&oldid=134577595",
   note = "[Online; accessed 17. Oktober 2014]"
 }
 @misc{ NASA,
   author = "Dr. Natalia Papitashvili",
   title = "NASA Helio Web",
   year = "2014",
   url = "http://omniweb.gsfc.nasa.gov/coho/helios/heli.html",
   note = "[Online; accessed 17. Oktober 2014]"
}
 @misc{ astro,
   author = "Engadiner Astronomiefreunde",
   title = "Blick auf das Sonnensystem 1.10.14-31.10.14",
   year = "2014",
   url = "http://www.engadiner-astrofreunde.ch/planetenstellung\_aktuell.html",
   note = "[Online; accessed 17. Oktober 2014]"
 }